<record xmlns="http://www.loc.gov/MARC21/slim" xmlns:xsi="http://www.w3.org/2001/XMLSchema-instance" xsi:schemaLocation="http://www.loc.gov/MARC21/slim http://www.loc.gov/standards/marcxml/schema/MARC21slim.xsd"><leader>01860nam a2200373   4500</leader><controlfield tag="001">001677047</controlfield><controlfield tag="003">NNU</controlfield><controlfield tag="006">m        d        </controlfield><controlfield tag="007">cr cn |||m|||a</controlfield><controlfield tag="008">150223s1924    ua a    ob    000 0 ara d</controlfield><datafield ind1=" " ind2=" " tag="040"><subfield code="a">NNU</subfield><subfield code="b">eng</subfield><subfield code="c">NNU</subfield></datafield><datafield ind1=" " ind2="4" tag="050"><subfield code="a">B753.G34</subfield><subfield code="b">Z35 1924</subfield></datafield><datafield ind1="0" ind2=" " tag="100"><subfield code="6">880-01</subfield><subfield code="a">Zaki&#772; Muba&#772;rak.</subfield></datafield><datafield ind1="1" ind2="3" tag="245"><subfield code="6">880-02</subfield><subfield code="a">al-Akhla&#772;q &#699;inda al-Ghazza&#772;li&#772;</subfield><subfield code="h">[electronic resource] /</subfield><subfield code="c">ta&#700;li&#772;f Zaki&#772; Muba&#772;rak.</subfield></datafield><datafield ind1=" " ind2=" " tag="260"><subfield code="6">880-03</subfield><subfield code="a">[Cairo] :</subfield><subfield code="b">al-Maktabah al-Tija&#772;ri&#772;yah al-Kubra&#769;,</subfield><subfield code="c">[1924]</subfield></datafield><datafield ind1=" " ind2=" " tag="300"><subfield code="a">online resource (434 p.) :</subfield><subfield code="b">illus.</subfield></datafield><datafield ind1=" " ind2=" " tag="500"><subfield code="a">Originally presented as the author's thesis (Doctoral)--al-Ja&#772;mi&#699;ah al-Mis&#803;ri&#772;yah, 1924.</subfield></datafield><datafield ind1=" " ind2=" " tag="500"><subfield code="a">Part of the Arabic Collections Online (ACO) project, contributed by New York Univeristy Libraries.</subfield></datafield><datafield ind1=" " ind2=" " tag="504"><subfield code="a">Includes bibliographical references (p. 434).</subfield></datafield><datafield ind1=" " ind2=" " tag="533"><subfield code="a">Electronic reproduction.</subfield><subfield code="b">New York, N.Y. :</subfield><subfield code="c">New York University,</subfield><subfield code="d">2015.</subfield><subfield code="5">NNU</subfield></datafield><datafield ind1="0" ind2="0" tag="600"><subfield code="a">Ghazza&#772;li&#772;,</subfield><subfield code="d">1058-1111.</subfield></datafield><datafield ind1=" " ind2="0" tag="650"><subfield code="a">Islamic ethics.</subfield></datafield><datafield ind1="0" ind2="7" tag="600"><subfield code="a">Ghazza&#772;li&#772;,</subfield><subfield code="d">1058-1111.</subfield><subfield code="2">fast</subfield><subfield code="0">(OCoLC)fst00095924</subfield></datafield><datafield ind1=" " ind2="7" tag="650"><subfield code="a">Islamic ethics.</subfield><subfield code="2">fast</subfield><subfield code="0">(OCoLC)fst00979936</subfield></datafield><datafield ind1="2" ind2=" " tag="710"><subfield code="a">New York University.</subfield><subfield code="b">Libraries.</subfield></datafield><datafield ind1="0" ind2=" " tag="730"><subfield code="a">Arabic Collections Online.</subfield></datafield><datafield ind1="0" ind2="8" tag="776"><subfield code="i">Online version:</subfield><subfield code="a">Zaki&#772; Muba&#772;rak.</subfield><subfield code="t">Akhla&#772;q &#699;inda al-Ghazza&#772;li&#772;</subfield><subfield code="d">[Cairo] : al-Maktabah al-Tija&#772;ri&#772;yah al-Kubra&#769;, [1924]</subfield><subfield code="w">(OCoLC)743256072</subfield></datafield><datafield ind1="0" ind2="8" tag="776"><subfield code="i">Print version:</subfield><subfield code="a">Zaki&#772; Muba&#772;rak.</subfield><subfield code="t">al-Akhla&#772;q &#699;inda al-Ghazza&#772;li&#772;</subfield><subfield code="w">(NNU)001677047</subfield></datafield><datafield ind1="4" ind2="0" tag="856"><subfield code="u">http://hdl.handle.net/2333.1/31zcrm42</subfield></datafield><datafield ind1="0" ind2=" " tag="880"><subfield code="6">100-01/</subfield><subfield code="a">&#1586;&#1603;&#1610; &#1605;&#1576;&#1575;&#1585;&#1603;.</subfield></datafield><datafield ind1="1" ind2="2" tag="880"><subfield code="6">245-02/</subfield><subfield code="a">&#1575;&#1604;&#1571;&#1582;&#1604;&#1575;&#1602; &#1593;&#1606;&#1583; &#1575;&#1604;&#1594;&#1586;&#1575;&#1604;&#1610; /</subfield><subfield code="c">&#1578;&#1571;&#1604;&#1610;&#1601; &#1586;&#1603;&#1610; &#1605;&#1576;&#1575;&#1585;&#1603;.</subfield></datafield><datafield ind1=" " ind2=" " tag="880"><subfield code="6">260-03/</subfield><subfield code="a">[&#1575;&#1604;&#1602;&#1575;&#1607;&#1585;&#1577;] :</subfield><subfield code="b">&#1575;&#1604;&#1605;&#1603;&#1578;&#1576;&#1577; &#1575;&#1604;&#1578;&#1580;&#1575;&#1585;&#1610;&#1577; &#1575;&#1604;&#1603;&#1576;&#1585;&#1609;&#1548;</subfield><subfield code="c">[1924]</subfield></datafield><datafield ind1=" " ind2=" " tag="959"><subfield code="a">NNU</subfield><subfield code="b">WEB</subfield><subfield code="c">GENI</subfield><subfield code="t">0</subfield><subfield code="m">Electronic access</subfield><subfield code="s">01</subfield></datafield><datafield ind1=" " ind2=" " tag="999"><subfield code="i">NNU_001677047</subfield><subfield code="s">nyu_aco000418</subfield></datafield></record>